@article{developers2011android,
  title={What is android?},
  author={Developers, Android},
  journal={ht tp://developer. android. com/guide/basics/what-is-android. html},
  volume={2},
  year={2011}
}